<?xml version="1.0" encoding="utf-8"?>
<record xmlns="http://www.loc.gov/MARC21/slim" xmlns:xsi="http://www.w3.org/2001/XMLSchema-instance" xsi:schemaLocation="http://www.loc.gov/MARC21/slim http://www.loc.gov/standards/marcxml/schema/MARC21slim.xsd">
	<leader>     nam a22     Mi 4500</leader>
	<controlfield tag="001">2795271</controlfield>
	<controlfield tag="003">NjP</controlfield>
	<controlfield tag="006">m        d        </controlfield>
	<controlfield tag="007">cr cn |||m|||a</controlfield>
	<controlfield tag="008">200505s1909    mr      o     000 0 ara d</controlfield>
	<datafield ind1=" " ind2=" " tag="040">
		<subfield code="a">ZYU</subfield>
		<subfield code="b">ara</subfield>
		<subfield code="e">rda</subfield>
		<subfield code="c">ZYU</subfield>
	</datafield>
	<datafield ind1="1" ind2=" " tag="100">
		<subfield code="6">880-01</subfield>
		<subfield code="a">Shinqīṭī, ʻAbd Allāh ibn Ibrāhīm,</subfield>
		<subfield code="d">-1814 or 1815.</subfield>
	</datafield>
	<datafield ind1="1" ind2="0" tag="240">
		<subfield code="6">880-02</subfield>
		<subfield code="a">Nashr al-bunūd ʻalá Marāqī al-suʻūd</subfield>
	</datafield>
	<datafield ind1="1" ind2="3" tag="245">
		<subfield code="6">880-03</subfield>
		<subfield code="a">al-Juzʼ al-awwal[-al-juzʼ al-thālith] min Nashr al-bunūd ʻalá Marāqī al-suʻūd /</subfield>
		<subfield code="c">lil-Shaykh ʻAbd Allāh ibn Ibrāhīm al-ʻAlawī al-Shinjīṭī. Wa-bi-hāmishihi al-Ḍiyāʼ al-lāmiʻ fī sharḥ al-Jamʻ al-jawāmiʻ / lil-ʻAllāmah Abī al-ʻAbbās Aḥmad ibn ʻAbd al-Raḥmān al-Qayrawānī al-Mālikī al-shahīr bi-Ibn Ḥalūlū.</subfield>
	</datafield>
	<datafield ind1="3" ind2="0" tag="246">
		<subfield code="6">880-04</subfield>
		<subfield code="a">Nashr al-bunūd ʻalá Marāqī al-suʻūd</subfield>
	</datafield>
	<datafield ind1=" " ind2=" " tag="260">
		<subfield code="a">[Morocco] :</subfield>
		<subfield code="b">[publisher not identified],</subfield>
		<subfield code="c">1327 [1909 or 1910]</subfield>
	</datafield>
	<datafield ind1=" " ind2=" " tag="300">
		<subfield code="a">online resource (3 volumes)</subfield>
	</datafield>
	<datafield ind1=" " ind2=" " tag="336">
		<subfield code="a">text</subfield>
		<subfield code="2">rdacontent</subfield>
	</datafield>
	<datafield ind1=" " ind2=" " tag="337">
		<subfield code="a">computer</subfield>
		<subfield code="2">rdamedia</subfield>
	</datafield>
	<datafield ind1=" " ind2=" " tag="338">
		<subfield code="a">online resource</subfield>
		<subfield code="2">rdacarrier</subfield>
	</datafield>
	<datafield ind1=" " ind2=" " tag="500">
		<subfield code="a">Part of the Arabic Collections Online (ACO) project, contributed by Princeton University Libraries.</subfield>
	</datafield>
	<datafield ind1=" " ind2=" " tag="533">
		<subfield code="a">Electronic reproduction.</subfield>
		<subfield code="b">New York, N.Y. :</subfield>
		<subfield code="c">New York University,</subfield>
		<subfield code="d">2020.</subfield>
		<subfield code="5">NNU</subfield>
	</datafield>
	<datafield ind1="1" ind2="0" tag="600">
		<subfield code="a">Shinqīṭī, ʻAbd Allāh ibn Ibrāhīm,</subfield>
		<subfield code="d">-1814 or 1815.</subfield>
		<subfield code="t">Marāqī al-suʻūd.</subfield>
	</datafield>
	<datafield ind1=" " ind2="0" tag="650">
		<subfield code="a">Islamic law</subfield>
		<subfield code="x">Interpretation and construction</subfield>
		<subfield code="v">Early works to 1800.</subfield>
	</datafield>
	<datafield ind1="1" ind2="0" tag="600">
		<subfield code="a">Subkī, Tāj al-Dīn ʻAbd al-Wahhāb ibn ʻAlī,</subfield>
		<subfield code="d">approximately 1327-1370.</subfield>
		<subfield code="t">Jamʻ al-jawāmiʻ fī al-uṣūl.</subfield>
	</datafield>
	<datafield ind1="0" ind2="7" tag="630">
		<subfield code="a">Jamʻ al-jawāmiʻ fī al-uṣūl (Subkī, Tāj al-Dīn ʻAbd al-Wahhāb ibn ʻAlī)</subfield>
		<subfield code="2">fast</subfield>
		<subfield code="0">(OCoLC)fst01378154</subfield>
	</datafield>
	<datafield ind1="0" ind2="7" tag="630">
		<subfield code="a">Marāqī al-suʻūd (Shinqīṭī, ʻAbd Allāh ibn Ibrāhīm)</subfield>
		<subfield code="2">fast</subfield>
		<subfield code="0">(OCoLC)fst01374866</subfield>
	</datafield>
	<datafield ind1=" " ind2="7" tag="650">
		<subfield code="a">Islamic law</subfield>
		<subfield code="x">Interpretation and construction.</subfield>
		<subfield code="2">fast</subfield>
		<subfield code="0">(OCoLC)fst00979955</subfield>
	</datafield>
	<datafield ind1=" " ind2="7" tag="655">
		<subfield code="a">Early works.</subfield>
		<subfield code="2">fast</subfield>
		<subfield code="0">(OCoLC)fst01411636</subfield>
	</datafield>
	<datafield ind1=" " ind2="7" tag="655">
		<subfield code="a">Lithographs</subfield>
		<subfield code="z">Morocco</subfield>
		<subfield code="y">1909.</subfield>
		<subfield code="2">gmgpc</subfield>
	</datafield>
	<datafield ind1="1" ind2="2" tag="700">
		<subfield code="6">880-05</subfield>
		<subfield code="a">Ḥalūlū, Aḥmad ibn ʻAbd al-Raḥmān,</subfield>
		<subfield code="d">d. 15th century.</subfield>
		<subfield code="t">Ḍiyāʼ al-lāmiʻ fī sharḥ al-Jamʻ al-jawāmiʻ.</subfield>
	</datafield>
	<datafield ind1="2" ind2=" " tag="710">
		<subfield code="a">Princeton University.</subfield>
		<subfield code="b">Library.</subfield>
	</datafield>
	<datafield ind1="0" ind2=" " tag="730">
		<subfield code="a">Arabic Collections Online.</subfield>
	</datafield>
	<datafield ind1="0" ind2=" " tag="740">
		<subfield code="6">880-06</subfield>
		<subfield code="a">Ḍiyāʼ al-lāmiʻ fī sharḥ al-Jamʻ al-jawāmiʻ.</subfield>
	</datafield>
	<datafield ind1="0" ind2="8" tag="776">
		<subfield code="i">Print version:</subfield>
		<subfield code="a">Shinqīṭī, ʻAbd Allāh ibn Ibrāhīm, -1814 or 1815.</subfield>
		<subfield code="t">al-Juzʼ al-awwal[-al-juzʼ al-thālith] min Nashr al-bunūd ʻalá Marāqī al-suʻūd</subfield>
		<subfield code="w">(NjP)2795271</subfield>
		<subfield code="w">(OCoLC)78788207</subfield>
	</datafield>
	<datafield ind1="4" ind2="0" tag="856">
		<subfield code="u">http://hdl.handle.net/2333.1/xsj3v72t</subfield>
	</datafield>
	<datafield ind1="1" ind2=" " tag="880">
		<subfield code="6">100-01</subfield>
		<subfield code="a">شنقيطي، عبد الله بن ابراهيم،</subfield>
		<subfield code="d">-1814 or 1815.</subfield>
	</datafield>
	<datafield ind1="1" ind2="0" tag="880">
		<subfield code="6">240-02</subfield>
		<subfield code="a">نشر البنود على مراقي السعود</subfield>
	</datafield>
	<datafield ind1="1" ind2="2" tag="880">
		<subfield code="6">245-03</subfield>
		<subfield code="a">الجزء الاول[الجزء الثالث] من نشر البنود على مراقي السعود /</subfield>
		<subfield code="c">للشيخ عبد الله بن ابراهيم العلوي الشنجيطي. وبهامشه الضياء اللامع في شرح الجمع الجوامع / للعلامة ابي العباس احمد بن عبد الرحمن القيرواني المالي الشهير بابن حلولوا.</subfield>
	</datafield>
	<datafield ind1="3" ind2="0" tag="880">
		<subfield code="6">246-04</subfield>
		<subfield code="a">نشر البنود على مراقي السعود</subfield>
	</datafield>
	<datafield ind1="1" ind2="2" tag="880">
		<subfield code="6">700-05</subfield>
		<subfield code="a">حلولوا، احمد بن عبد الرحمن،</subfield>
		<subfield code="d">d. 15th century. .</subfield>
		<subfield code="t">ضياء اللامع في شرح الجمع الجوامع.</subfield>
	</datafield>
	<datafield ind1="0" ind2=" " tag="880">
		<subfield code="6">740-06</subfield>
		<subfield code="a">ضياء اللامع في شرح الجمع الجوامع.</subfield>
	</datafield>
	<datafield ind1=" " ind2=" " tag="959">
		<subfield code="a">NNU</subfield>
		<subfield code="b">WEB</subfield>
		<subfield code="c">GENI</subfield>
		<subfield code="t">0</subfield>
		<subfield code="m">Electronic access</subfield>
		<subfield code="s">01</subfield>
	</datafield>
	<datafield ind1=" " ind2=" " tag="999">
		<subfield code="i">NjP_2795271</subfield>
		<subfield code="o">(OCoLC)ocm78788207</subfield>
		<subfield code="s">princeton_aco002267:juz 1</subfield>
		<subfield code="s">princeton_aco002263:juz 2</subfield>
		<subfield code="s">princeton_aco002264:juz 3</subfield>
		<subfield code="e">(ERROR-880)(ERROR-MISC)</subfield>
		<subfield code="s">princeton_aco002267:juz 1</subfield>
		<subfield code="s">princeton_aco002263:juz 2</subfield>
		<subfield code="s">princeton_aco002264:juz 3</subfield>
	</datafield>
</record>
